<?xml version="1.0" encoding="utf-8"?><Document xmlns:xsi="http://www.w3.org/2001/XMLSchema-instance" xsi:schemaLocation="urn:iso:std:iso:20022:tech:xsd:camt.053.001.04 camt.053.001.04.xsd" xmlns="urn:iso:std:iso:20022:tech:xsd:camt.053.001.04"><BkToCstmrStmt><GrpHdr><MsgId>35e75effeaa74f579f97c8121bfa68ae</MsgId><CreDtTm>2023-11-30T22:54:31.6579278+01:00</CreDtTm><MsgPgntn><PgNb>1</PgNb><LastPgInd>true</LastPgInd></MsgPgntn></GrpHdr><Stmt><Id>13a8a34b3a7a45bb84fb2c39af620f55</Id><ElctrncSeqNb>248</ElctrncSeqNb><CreDtTm>2023-11-30T22:54:12.813</CreDtTm><FrToDt><FrDtTm>2023-11-30T00:00:00</FrDtTm><ToDtTm>2023-11-30T00:00:00</ToDtTm></FrToDt><Acct><Id><IBAN>CH4308307000289537312</IBAN></Id></Acct><Bal><Tp><CdOrPrtry><Cd>OPBD</Cd></CdOrPrtry></Tp><Amt Ccy="CHF">31709.09</Amt><CdtDbtInd>CRDT</CdtDbtInd><Dt><Dt>2023-11-30</Dt></Dt></Bal><Bal><Tp><CdOrPrtry><Cd>CLBD</Cd></CdOrPrtry></Tp><Amt Ccy="CHF">31709.09</Amt><CdtDbtInd>CRDT</CdtDbtInd><Dt><Dt>2023-11-29</Dt></Dt></Bal><Ntry><Amt Ccy="CHF">0.05</Amt><CdtDbtInd>DBIT</CdtDbtInd><Sts>BOOK</Sts><BookgDt><Dt>2023-11-30</Dt></BookgDt><ValDt><Dt>2023-11-30</Dt></ValDt><AcctSvcrRef>7463d4a60f984e6db41f263acb170ea0</AcctSvcrRef><BkTxCd><Domn><Cd>PMNT</Cd><Fmly><Cd>ICDT</Cd><SubFmlyCd>AUTT</SubFmlyCd></Fmly></Domn></BkTxCd><NtryDtls><Btch><NbOfTxs>1</NbOfTxs></Btch><TxDtls><Refs><AcctSvcrRef>7463d4a60f984e6db41f263acb170ea0</AcctSvcrRef></Refs><Amt Ccy="CHF">0.05</Amt><CdtDbtInd>DBIT</CdtDbtInd><BkTxCd><Domn><Cd>PMNT</Cd><Fmly><Cd>ICDT</Cd><SubFmlyCd>AUTT</SubFmlyCd></Fmly></Domn></BkTxCd><RltdPties><Dbtr><Nm>element36 AG</Nm><PstlAdr><StrtNm>Bahnmatt</StrtNm><BldgNb>25</BldgNb><PstCd>6340</PstCd><TwnNm>Baar</TwnNm><Ctry>CH</Ctry></PstlAdr></Dbtr><DbtrAcct><Id><IBAN>CH4308307000289537312</IBAN></Id></DbtrAcct><Cdtr><Nm>element36 AG</Nm><PstlAdr><StrtNm>Bahnmatt</StrtNm><BldgNb>25</BldgNb><PstCd>6340</PstCd><TwnNm>Baar</TwnNm></PstlAdr></Cdtr><CdtrAcct><Id><IBAN>CH2108307000289537320</IBAN></Id></CdtrAcct></RltdPties><RmtInf><Ustrd>test</Ustrd></RmtInf><AddtlTxInf>test</AddtlTxInf></TxDtls></NtryDtls><AddtlNtryInf>element36 AG 
Bahnmatt 25 
6340 Baar</AddtlNtryInf></Ntry></Stmt></BkToCstmrStmt></Document>