<?xml version="1.0" encoding="utf-8"?><Document xmlns:xsi="http://www.w3.org/2001/XMLSchema-instance" xsi:schemaLocation="urn:iso:std:iso:20022:tech:xsd:camt.053.001.04 camt.053.001.04.xsd" xmlns="urn:iso:std:iso:20022:tech:xsd:camt.053.001.04"><BkToCstmrStmt><GrpHdr><MsgId>cf89170b3de1470e854cc270b572ad93</MsgId><CreDtTm>2023-11-29T22:54:49.9670154+01:00</CreDtTm><MsgPgntn><PgNb>1</PgNb><LastPgInd>true</LastPgInd></MsgPgntn></GrpHdr><Stmt><Id>c2127f871ca64183b4b9f47956feecae</Id><ElctrncSeqNb>40</ElctrncSeqNb><CreDtTm>2023-11-29T22:54:40.017</CreDtTm><FrToDt><FrDtTm>2023-11-29T00:00:00</FrDtTm><ToDtTm>2023-11-29T00:00:00</ToDtTm></FrToDt><Acct><Id><IBAN>CH2108307000289537320</IBAN></Id></Acct><Bal><Tp><CdOrPrtry><Cd>OPBD</Cd></CdOrPrtry></Tp><Amt Ccy="CHF">3.65</Amt><CdtDbtInd>CRDT</CdtDbtInd><Dt><Dt>2023-11-29</Dt></Dt></Bal><Bal><Tp><CdOrPrtry><Cd>CLBD</Cd></CdOrPrtry></Tp><Amt Ccy="CHF">3.7</Amt><CdtDbtInd>CRDT</CdtDbtInd><Dt><Dt>2023-11-29</Dt></Dt></Bal><Ntry><Amt Ccy="CHF">0.05</Amt><CdtDbtInd>CRDT</CdtDbtInd><Sts>BOOK</Sts><BookgDt><Dt>2023-11-29</Dt></BookgDt><ValDt><Dt>2023-11-29</Dt></ValDt><AcctSvcrRef>9fb269286419474cae65c71c6d749434</AcctSvcrRef><BkTxCd><Domn><Cd>PMNT</Cd><Fmly><Cd>RCDT</Cd><SubFmlyCd>AUTT</SubFmlyCd></Fmly></Domn></BkTxCd><NtryDtls><Btch><NbOfTxs>1</NbOfTxs></Btch><TxDtls><Refs><AcctSvcrRef>9fb269286419474cae65c71c6d749434</AcctSvcrRef></Refs><Amt Ccy="CHF">0.05</Amt><CdtDbtInd>CRDT</CdtDbtInd><BkTxCd><Domn><Cd>PMNT</Cd><Fmly><Cd>RCDT</Cd><SubFmlyCd>AUTT</SubFmlyCd></Fmly></Domn></BkTxCd><RltdPties><Dbtr><Nm>element36 AG</Nm><PstlAdr><StrtNm>Bahnmatt</StrtNm><BldgNb>25</BldgNb><PstCd>6340</PstCd><TwnNm>Baar</TwnNm><Ctry>CH</Ctry></PstlAdr></Dbtr><DbtrAcct><Id><IBAN>CH4308307000289537312</IBAN></Id></DbtrAcct><Cdtr><Nm>element36 AG</Nm><PstlAdr><StrtNm>Bahnmatt</StrtNm><BldgNb>25</BldgNb><PstCd>6340</PstCd><TwnNm>Baar</TwnNm></PstlAdr></Cdtr><CdtrAcct><Id><IBAN>CH2108307000289537320</IBAN></Id></CdtrAcct></RltdPties><RmtInf><Ustrd>test</Ustrd></RmtInf><AddtlTxInf>test</AddtlTxInf></TxDtls></NtryDtls><AddtlNtryInf>element36 AG 
Bahnmatt 25 
6340 Baar</AddtlNtryInf></Ntry></Stmt></BkToCstmrStmt></Document>